<?xml version="1.0" encoding="UTF-8"?><collection xmlns="http://www.loc.gov/MARC21/slim"><record><leader>00361nam--2200121-i-4500</leader><controlfield tag="001">000026485</controlfield><controlfield tag="002">20161230</controlfield><controlfield tag="005">20161230201036</controlfield><controlfield tag="008">060222s1000------------r-----000-0-eng-d</controlfield><datafield ind1=" " ind2=" " tag="080"><subfield code="a">338.04:621.396.8</subfield></datafield><datafield ind1=" " ind2=" " tag="245"><subfield code="a">Instructuni pt.verificarea receptoarelor pentru masurarea perturbatiilor radi 30...1000 mhz</subfield></datafield><datafield ind1=" " ind2=" " tag="260"><subfield code="a">Bucuresti, Ed.Tehnica, 1972. 16p</subfield></datafield><datafield ind1=" " ind2=" " tag="852"><subfield code="a">38347</subfield></datafield></record></collection>